<record><leader>00000cas a2200000 a 4500</leader><controlfield tag="001">11666655</controlfield><controlfield tag="008">850207d19501970ksuwr ne      0   a0eng d</controlfield><datafield ind1=" " ind2=" " tag="010"><subfield code="a">sn 85030897 </subfield></datafield><datafield ind1=" " ind2=" " tag="040"><subfield code="a">KSH</subfield><subfield code="b">eng</subfield><subfield code="c">KSH</subfield><subfield code="d">NPT</subfield><subfield code="d">OCL</subfield><subfield code="d">OCLCQ</subfield></datafield><datafield ind1=" " ind2=" " tag="042"><subfield code="a">msc</subfield></datafield><datafield ind1="0" ind2="4" tag="245"><subfield code="a">The Haviland journal.</subfield></datafield><datafield ind1=" " ind2=" " tag="260"><subfield code="a">Haviland, Kan. :</subfield><subfield code="b">Kiowa County Pub. Co.,</subfield><subfield code="c">1950-1970.</subfield></datafield><datafield ind1=" " ind2=" " tag="300"><subfield code="a">20 v. :</subfield><subfield code="b">ill. ;</subfield><subfield code="c">42-58 cm.</subfield></datafield><datafield ind1=" " ind2=" " tag="310"><subfield code="a">Weekly</subfield></datafield><datafield ind1="0" ind2=" " tag="362"><subfield code="a">Vol. 1, no. 1 (Mar. 17, 1950)-v. 43, no. 52 (Apr. 16, 1970).</subfield></datafield><datafield ind1=" " ind2=" " tag="500"><subfield code="a">Publisher varies.</subfield></datafield><datafield ind1=" " ind2=" " tag="515"><subfield code="a">Numbering is irregular.</subfield></datafield><datafield ind1=" " ind2=" " tag="752"><subfield code="a">United States</subfield><subfield code="b">Kansas</subfield><subfield code="c">Kiowa</subfield><subfield code="d">Haviland.</subfield></datafield><datafield ind1="0" ind2="4" tag="785"><subfield code="t">Kiowa County signal (Greensburg, Kan.: 1936)</subfield><subfield code="w">(DLC)sn 85030913</subfield></datafield></record>